@article{Luxemburg,
 ISSN = {00029890, 19300972},
 URL = {http://www.jstor.org/stable/3038221},
 author = {W. A. Luxemburg},
 journal = {The American Mathematical Monthly},
 number = {6},
 pages = {38--67},
 publisher = {Mathematical Association of America},
 title = {What Is Nonstandard Analysis?},
 urldate = {2023-12-17},
 volume = {80},
 year = {1973}
}
@book{Ultrafilters,
  title={Ultrafilters Throughout Mathematics},
  author={Goldbring, I.},
  isbn={9781470469009},
  lccn={2021055552},
  series={Graduate Studies in Mathematics},
  url={https://books.google.com.co/books?id=RUjgzgEACAAJ},
  year={2022},
  publisher={American Mathematical Society}
}
@book{Robinson,
  title={Non-standard Analysis},
  author={Robinson, A.},
  isbn={9781400884223},
  series={Princeton Landmarks in Mathematics and Physics},
  url={https://books.google.com.co/books?id=Xh-TDAAAQBAJ},
  year={2016},
  publisher={Princeton University Press}
}
